@book{brownHowKilledPluto2012,
	address = {New York},
	title = {How {I} killed {Pluto} and why it had it coming},
	publisher = {Spiegel \& Grau},
	author = {Brown, Mike},
	year = {2012},
}

@book{CameronTrivedi2013,
  author    = {A. Colin Cameron and Pravin K. Trivedi},
  title     = {Regression Analysis of Count Data},
  year      = {2013},
  edition   = {2nd},
  publisher = {Cambridge University Press},
  address   = {Cambridge},
  doi       = {10.1017/CBO9781139013567}
}
@book{cohen2003applied,
  title     = {Applied multiple regression/correlation analysis for the behavioral sciences},
  author    = {Cohen, Jacob and Cohen, Patricia and West, Stephen G and Aiken, Leona S},
  year      = {2003},
  edition   = {3rd},
  publisher = {Lawrence Erlbaum Associates}
}
@book{austenMansfieldPark1990,
  title     = {Mansfield {P}ark},
  author    = {Austen, Jane},
  year      = {1990},
  origdate  = {1814},
  publisher = {Oxford University Press}
}

@incollection{schneider2012cattell,
  title = {The {{Cattell-Horn-Carroll}} Model of Intelligence},
  booktitle = {Contemporary Intellectual Assessment: {{Theories}}, Tests, and Issues},
  author = {Schneider, William Joel and McGrew, Kevin S.},
  editor = {Flanagan, Dawn P. and Harrison, Patti L.},
  date = {2012},
  edition = {3},
  pages = {99--144},
  publisher = {Guilford Press},
  location = {New York},
  url = {https://psycnet.apa.org/record/2012-09043-004},
  isbn = {978-1-60918-995-2},
  annotation = {pubid:roLk4NBRz8UC}
}
@article{schneider2015intelligence,
  title={Intelligence is multidimensional: Theoretical review and implications of specific cognitive abilities},
  author={Schneider, W Joel and Newman, Daniel A},
  journal={Human Resource Management Review},
  volume={25},
  number={1},
  pages={12--27},
  year={2015},
  publisher={Elsevier}
}
@article{bentley1929instructions,
  title={Instructions in regard to preparation of manuscript.},
  author={Bentley, Madison and Peerenboom, CA and Hodge, FW and Passano, Edward B and Warren, HC and Washburn, MF},
  journal={Psychological Bulletin},
  volume={26},
  number={2},
  pages={57},
  year={1929},
  publisher={Psychological Review Company}
}
@book{americanpsychologicalassociationPublicationManualAmerican2020,
  title = {Publication Manual of the {American Psychological Association}},
  author = {{American Psychological Association}},
  year = {2020},
  edition = {7},
  publisher = {Author},
  address = {Washington, D.C.},
  doi = {10.1037/0000173-000},
}
@book{ConciseGuideAPA2020,
  title = {Concise Guide to {{APA Style}}: {{The}} Official {{APA Style}} Guide for Students (7th Ed.).},
  shorttitle = {Concise Guide to {{APA Style}}},
  year = {2020},
  author = {{American Psychological Association}},
  publisher = {Author},
  address = {Washington},
  doi = {10.1037/0000173-000},
  url = {http://content.apa.org/books/16157-000},
  urldate = {2024-03-02},
  isbn = {978-1-4338-3273-4 978-1-4338-3276-5},
  langid = {english}
}
@book{americanpsychologicalassociationMasteringAPAStyle2021,
  title = {Mastering {APA Style} student workbook.},
  year = {2021},
  author = {{American Psychological Association}},
  publisher = {Author},
  address = {Washington},
  doi = {10.1037/0000271-000},
  isbn = {978-1-4338-3854-5},
  langid = {english}
}
@book{oh2023making,
  title={Making sense of statistics: A conceptual overview},
  author={Oh, Deborah M and Pyrczak, Fred},
  year={2023},
  publisher={Routledge}
}
@article{islam2018basic,
  title={Basic Summary Statistics},
  author={Islam, M Ataharul and Al-Shiha, Abdullah and Islam, M Ataharul and Al-Shiha, Abdullah},
  journal={Foundations of Biostatistics},
  pages={39--72},
  year={2018},
  publisher={Springer}
}
@online{jmp_boxplot,
  author= "{JMP, SAS Institute Inc.}",
  title= "{Box plot: Introduction to statistics}",
  year= "{n.d.}",
  url= "https://www.jmp.com/en/statistics-knowledge-portal/exploratory-data-analysis/box-plot",
  note= "Retrieved May 10, 2025"
}
@article{wienclaw2009misuse,
  title={The misuse of statistics},
  author={Wienclaw, Ruth A},
  journal={The Research Starters Sociology},
  pages={1--5},
  year={2009}
}
@misc{wienclaw2017hypothesis,
  title={Hypothesis construction},
  author={Wienclaw, Ruth A},
  year={2017},
  publisher={Cedarville, OH: Salem Press Encyclopedia}
}
@incollection{lane2013descriptive,
  author= {Lane, David M.},
  title= {Descriptive Statistics},
  booktitle= {Introduction to Statistics},
  year= {2013},
  publisher= {Rice University},
  url= {https://onlinestatbook.com/2/introduction/descriptive.html}
}
@online{oscgarden2023bootstrapping,
  author= {OSC Garden},
  title= {The 8 Most Important Statistical Ideas: Bootstrapping and Simulation-Based Inference},
  year= {2023},
  date= {2023-11-27},
  url= {https://osc.garden/blog/bootstrapping-and-simulation-based-inference/},
  note= {Accessed: 2025-05-13}
}
@online{datatas2025future,
  author= {Datatas},
  title= {The Future of AI-Generated Data Summarization for Large Reports},
  year= {2025},
  date= {2025-04-14},
  url= {https://datatas.com/the-future-of-ai-generated-data-summarization-for-large-reports/},
  note= {Accessed: 2025-05-13}
}
@article{potter2010visualizing,
  title={Visualizing Summary Statistics and Uncertainty},
  author={Potter, Kristin and Kniss, Joe and Riesenfeld, Richard and Johnson, Chris R.},
  journal={Computer Graphics Forum},
  volume={29},
  number={3},
  pages={823--832},
  year={2010},
  publisher={Wiley},
  url={https://www.sci.utah.edu/~kpotter/publications/potter-2010-VSSU.pdf}
}
@article{fan2014challenges,
  author= {Jianqing Fan and Fang Han and Han Liu},
  title= {Challenges of Big Data analysis},
  journal= {National Science Review},
  volume= {1},
  number= {2},
  pages= {293--314},
  year= {2014},
  doi= {10.1093/nsr/nwt032},
  url= {https://doi.org/10.1093/nsr/nwt032}
}
@article{wang2016statistical,
  author= {Wang, Chun and Chen, Ming-Hui and Schifano, Elizabeth and Wu, Jing and Yan, Jun},
  title= {Statistical methods and computing for big data},
  journal= {Statistics and its Interface},
  volume= {9},
  number= {4},
  pages= {399--414},
  year= {2016},
  doi= {10.4310/SII.2016.v9.n4.a1},
  url= {https://doi.org/10.4310/SII.2016.v9.n4.a1}
}
@unpublished{gelman2024stat50,
  author= {Andrew Gelman and Aki Vehtari},
  title= {What are the most important statistical ideas of the past 50 years?},
  note= {Unpublished manuscript},
  year= {2024},
  url= {https://www.stat.columbia.edu/~gelman/research/unpublished/stat50.pdf}
}
@Manual{dplyr2023,
  title = {dplyr: A Grammar of Data Manipulation},
  author = {Hadley Wickham and Romain François and Lionel Henry and Kirill Müller and Davis Vaughan},
  year = {2023},
  note = {R package version 1.1.4},
  url = {https://dplyr.tidyverse.org/articles/dplyr.html}
}




